@ONLINE{Close2010,
author = {Sigrid Close},
title = {{Shooting Stars Can Shoot Down Satellites}},
month = {April},
year = {2010},
howpublished = "http://spectrum.ieee.org/aerospace/satellites/shooting-stars-can-shoot-down-satellites/2",
note = "[Online; accessed 15-August-2012]"
}

@UNPUBLISHED{Lee2009,
   author = {B.L. Lee},
   title = {Multifunctional Design Perspective for Self-Healing and Autonomic Response},
   note = {Final Program and Abstract Book 2nd ICSHM - 28 June - 1 July 2009}
}

@ONLINE{NASAOD2012,
author = {NASA},
title = {{Orbital Debris}},
month = {March},
year = {2012},
howpublished = "http://www.nasa.gov/mission\_pages/station/news/orbital\_debris.html",
note = "[Online; accessed 15-August-2012]"
}

@ONLINE{NASAHVIT2012,
author = {NASA},
title = {{Hypervelocity Impact Technology}},
month = {August},
year = {2012},
howpublished = "http://ares.jsc.nasa.gov/ares/hvit/index.cfml",
note = "[Online; accessed 16-August-2012]"
}

@Article{Wool1981,
    author  = {R.P. Wool and K.M. O'Connor},
    title   = {{A Theory of Crack Healing in Polymers}},
    year    = {1981},
    journal = {J. Applied Physics},
    volume  = {52},
	number  = {10},
	month = {October},
    pages   = {5953--5963}
}

@Article{Wu2012,
author = {Min Wu and Bjorn Johannesson and Mette Geiker},
title = {{A review: Self-healing in cemetitious materials and engineered cementitious composite as a self-healing material}},
journal = {Construction and Building Materials},
year = "2012",
volume = "28",
number = "1",
url = "http://www.sciencedirect.com/science/article/pii/S0950061811005198"
}

@Article{Zhao2012,
author = {Yang Zhao and Wei Zhang and Le-ping Liao and Si-jie Wang and Wu-jun Li},
title = {{Self-healing coatings containing microcapsule}},
journal = {Applied Surface Science},
year = "2012",
volume = "258",
number = "6",
url = "http://www.sciencedirect.com/science/article/pii/S0169433211010488"
}

@Unpublished{Edwards2010,
author = "Jason Edwards",
title = "Modeling and Feedback Control of a MEMS Electrostatic Actuator",
year = "2010",
note  = "M.S. Thesis, Cleveland State University",
url = "http://etd.ohiolink.edu/view.cgi/Edwards\%20Jason.pdf?csu1247583924"
}

