#  This is a sample bibliography file.  The program bibtex is used to convert 
#  this to a bbl file used by tex to create the correct bibliography and style.   
#  This is the database and only the citations used in the thesis will be 
#  extracted from this file.   So you can place everything you have here.

@UNPUBLISHED{AIAASelfHeal2010,
   author = "Brian C. Fehrman and Eric. A Petersen and Katherine A. Barnes and Umesh A. Korde",
   title = "Using Focused Acoustic Excitation to Accelerate Crack
Healing",
   note = "AIAA Structures, Structural Dynamics, and Materials Conference 2010"
}


@article{Anderson2008,
    author  = "Brian E. Anderson and Michele Griffa and Carne Larmat and Timothy J. Ulrich and Paul A. Johnson",
    title   = "Time Reversal",
    year    = "2008",
    journal = "Acoustics Today",
    volume  = "4",
    number  = "1",
	month = "January",
    pages   = "5--15"
}

@article{Borcea2003,
    author  = "Liliana Borcea and George Papanicolaou and Chrysoula Tsogka",
    title   = "Theory and applications of time reversal and interferometric imaging",
    year    = "2003",
    journal = "Inverse Problems",
    volume  = "19",
    pages   = "s139--s164"
}

@Inproceedings{Barnes2009,
    author = "K.A. Barnes and U.A. Korde and C.H. Jenkins and R.M. Winter",
    title = "On the use of acoustic excitation to accelerate self healing in polymers",
    year = "2009",
    booktitle = "2nd Int. Conf. on Self-Healing Materials",
    note = "Chicago, IL; 28 June -- 1 July 2009"
}

@Inproceedings{Bond2009,
    author = "Ian Bond",
    title = "Self-Healing of Fibre Reinforced Polymer Composites - Challenges for Success",
    year = "2009",
    booktitle = "2nd Int. Conf. on Self-Healing Materials",
    note = "Chicago, IL; 28 June -- 1 July 2009"
}

@UNPUBLISHED{Bosman2009,
   author = "A. W. Bosman",
   title = "SupraMolecular Materials in Motion",
   note = "Final Program and Abstract Book 2nd ICSHM - 28 June - 1 July 2009"
}

@BOOK{Brown2008,
	author = "James Ward Brown and Ruel V. Churchill",
	title = "Fourier Series and Boundary Value Problems",
	year = "2008",
	publisher = "Tata McGraw-Hill",
	city = "New York",
	edition = "7th"

}

@Unpublished{Brown2003,
    author  = {E.N. Brown and S.R. White and N.R. Sottos and P.H. Guebelle},
    title   = {{Fatigue Crack Propagation in a Self-Healing Polymer Composite}},
    year    = {2003},
note = {SEM Annual Conference 2003
}

@UNPUBLISHED{Burattini2009,
   author = "S. Burattini and B. W. Greenland and H. M. Colquhoun and W. Hayes",
   title = "A Rapidly Healable Supramolecular Polymeric Blend",
   note = "Final Program and Abstract Book 2nd ICSHM - 28 June - 1 July 2009"
}

@Inproceedings{Burnworth2009,
    author = "M. Burnworth and S. J. Rowan and C. Weder",
    title = "Optically Responsive Metallopolymers",
    year = "2009",
    booktitle = "2nd Int. Conf. on Self-Healing Materials",
    note = "Chicago, IL; 28 June -- 1 July 2009"
}

@Inproceedings{Caruso2009,
   author = {M. M. Caruso and C. L. Mangun and E. D. Wetzal and J. A. Orlicki and N. R. Sottos and S. R. White and J. S. Moore},
   title = {Self-Healing of Thermoplatic Materials using Solvent-Based Healing Agents},
   note = {Final Program and Abstract Book 2nd ICSHM - 28 June - 1 July 2009}
}

@ONLINE{Close2010,
author = {Sigrid Close},
title = {{Shooting Stars Can Shoot Down Satellites}},
month = {April},
year = {2010},
howpublished = "http://spectrum\allowbreak.ieee.org/aerospace/satellites/shooting-stars-can-shoot-down-satellites/2",
note = "[Online; accessed 15-August-2012]"
}

@Inproceedings{Cushman2012,
    author = "A.J. Cushman and B.C. Fehrman and U.A. Korde and S.D. Gruenig",
    title = "Experiments on the focusing and use of acoustic energy to accelerate polymer healing",
    year = "2012",
    booktitle = "SPIE 2012 SDM Conference",
    note = "San Diego, CA; 12 March - 16 March 2012"
}

@article{Davy2010,
    author  = "Matthieu Davy and Julien de Rosny and Jean-Chrisophe Joly and Mathias Fink",
    title   = "Focusing and amplification of electromagnetic waves by time reversal in an leaky reverberation chamber",
    year    = "2010",
    journal = "Propagation and Remote Sensing",
    volume  = "11",
    issue = "1",
	month = "January",
	url = "http://www.sciencedirect.com/science/article/pii/S1631070509002205"
}


@Article{DeKetelaere2000,
author = {B. De Ketelaere and P. Coucke and J. De Baerdemaker},
title = {{Eggshell Crack Detection based on Acoustic Resonance Frequency Analysis}},
journal = {Journal of Agricultural Engineering Research},
year = "2000",
volume = "76",
number = "2",
url = "http://www.sciencedirect.com/science/article/pii/S0021863400905420"
}

@article{Derode1995,
    author  = "Arnaud Derode and Philippe Roux and Mathias Fink",
    title   = "Robust Acoustic Time Reversal with High-Order Multiple Scattering",
    year    = "1995",
    journal = "Phys. Rev. Lett",
    volume  = "75",
	month = "May",
	url = "http://prl.aps.org/abstract/PRL/v75/i23/p4206\_1"
}

@UNPUBLISHED{Djugum2009,
   author = "R. Djugum and R. N. Lumley",
   title = "Healing and Crack Closure in an {Al-Cu} Alloy by Remedial Heat Treatment",
   note = "Final Program and Abstract Book 2nd ICSHM - 28 June - 1 July 2009"
}

@UNPUBLISHED{Dry2009,
   author = "C. Dry",
   title = "Self Repair of Composites for Airplane Components",
   note = "Final Program and Abstract Book 2nd ICSHM - 28 June - 1 July 2009"
}

@Unpublished{Edwards2010,
author = "Jason Edwards",
title = "Modeling and Feedback Control of a MEMS Electrostatic Actuator",
year = "2010",
note  = "M.S. Thesis, Cleveland State University",
url = "http://etd.ohiolink.edu/view.cgi/Edwards\%20Jason.pdf?csu1247583924"
}

@UNPUBLISHED{Fehrman2012,
   author = "B. C. Fehrman and U. A. Korde",
   title = "Targeted Delivery of Acoustic Energy for Self-Healing",
   note = "Submitted for review to Journal of Intelligent Material Systems and Structures, 2012"
}

@UNPUBLISHED{Fettig2009,
   author = "J. W. Fettig and J. B. Freund",
   title = "Multi-phase Simulation of Microvascular Self-Healing Materials",
   note = "Final Program and Abstract Book 2nd ICSHM - 28 June - 1 July 2009"
}

@article{Fink1992,
    author  = "M. Fink",
    title   = "Time-reversal of Ultrasonic Fields--Part I: Basic Principles",
    year    = "1992",
    journal = "IEEE Transactions on Ultrasonics, Ferrorelectrics, and Frequency Control",
    volume  = "39",
    number = "5",
	month = "September"
}

@article{Fink1993,
    author  = "M. Fink",
    title   = "Time-reversal mirrors",
    year    = "1993",
    journal = "J. Phys. D: Appl. Phys",
    volume  = "26",
	month = "March"
}

@article{Fink2003,
    author  = "M. Fink and G. Montaldo and M. Tanter",
    title   = "Time-reversal Acoustics in Biomedical Engineering",
    year    = "2003",
    journal = "Annual Review of Biomedical Engineering",
    volume  = "5",
	month = "June",
	url = "http://www.annualreviews.org/doi/abs/10.1146/annurev.bioeng.5.040202.121630?journalCode=bioeng"
}

@article{Fouque2006,
    author  = "J-P Fouque and O.V. Poliannikov",
    title   = "Time reversal detection in one-dimensional random media",
    year    = "2006",
    journal = "Institute of Physics Publishing",
    volume  = "22",
	month = "June"
}

@UNPUBLISHED{Garcia2009,
   author = "A. Garcia and E. Schlangen and M. van de Ven",
   title = "Closing Cracks on Conductive Asphalt Mortar by Induction Heating",
   note = "Final Program and Abstract Book 2nd ICSHM - 28 June - 1 July 2009"
}

@UNPUBLISHED{Haase2009,
   author = "T. Haase and M. Wicklein and K. Thoma",
   title = "Self-Healing Ability of an Ionomer from Quasistatic Loading up to Hypervelocity Impact",
   note = "Final Program and Abstract Book 2nd ICSHM - 28 June - 1 July 2009"
}

@article{Harris1974,
    author  = "D. O. Harris and H.L. Dunegan",
    title   = "Continuous monitoring of fatigue-crack growth by acoustic-emission techniques",
    year    = "1974",
    journal = "Experimental Mechanics",
    volume  = "14",
    number = "2",
    pages   = "s71--s81"
}


@UNPUBLISHED{Harley2009,
   author = "Joel Harley and Nicholas O'Donoughue and Joe States and Yujie Ying and James Garrett and Yuanwei Jin and Jose M.F. Moura and Irving Oppenheim and Lucio Soibelman",
   title = "Focusing of Ultrasonic Waves in Cylindrical Shells using Time Reversal",
   note = "7th International Workshop on Structural Health Monitoring 2009"
}

@UNPUBLISHED{Imperiale2009,
   author = "V. A. Imperiale and I. P. Bond",
   title = "A Novel Self-Healing Agent able to Improve the Residual Strength of CFRP after Impact",
   note = "Final Program and Abstract Book 2nd ICSHM - 28 June - 1 July 2009"
}

@UNPUBLISHED{Jin2009,
   author = "H. Jin and G. Miller and N. R. Sottos and S. R. White",
   title = "Self-Healing Adhesives",
   note = "Final Program and Abstract Book 2nd ICSHM - 28 June - 1 July 2009"
}

@BOOK{Kolsky1963,
	author = "H. Kolsky",
	title = "Stress Waves in Solids",
	year = "1963",
	publisher = "Dover Publications",
	city = "New York"

}

@UNPUBLISHED{Klein2009,
   author = "D. J. Klein",
   title = "Development of Ballistic Testing of Self-Healing Polymers",
   note = "Final Program and Abstract Book 2nd ICSHM - 28 June - 1 July 2009"
}

@UNPUBLISHED{Kuksenok2009,
   author = "O. Kuksenok and V. V. Yashin and A. C. Balazs",
   title = "Global Signaling of Localized Impact in Three-Dimensional Chemo-Responsive Gels",
   note = "Final Program and Abstract Book 2nd ICSHM - 28 June - 1 July 2009"
}

@article{Kuperman2000,
    author  = "W.A. Kuperman and W.S. Hodgkiss and T. Akal and S. Kim and G. Edelmann and H.C. Song",
    title   = "Time-Reversal Acoustics",
    year    = "2000",
    journal = "Acoustics",
}

@UNPUBLISHED{Lee2009,
   author = {B.L. Lee},
   title = {Multifunctional Design Perspective for Self-Healing and Autonomic Response},
   note = {Final Program and Abstract Book 2nd ICSHM - 28 June - 1 July 2009}
}

@article{Lerosey2004,
    author  = "G. Lerosey and J. de Rosny and A. Tourin and A. Derode and G. Montaldo and M. Fink",
    title   = "Time-Reversal of Electromagnetic Waves",
    year    = "2004",
    journal = "Phys. Revised Letters",
    volume = "92",
    url = "http://prl.aps.org/abstract/PRL/v92/i19/e193904"
}

@article{Liu2008,
    author  = "X.-F. Liu and B.-Z. Wang and S.-Q. Xiao and J. H. Deng",
    title   = "Performance of Impulse Radio UWB Communications Based on Time Reversal Technique", 
    year    = "2008",
    journal = "Progress In Electromagnetics Research",
    volume = "79",
    url = "http://www.jpier.org/PIER/pier.php?paper=07102205"
}
@Inproceedings{Luo2009,
   author = {X. Luo and R. Ou and D. E. Eberly and A. Singhal and W. Viratyaporn and P. T. Mather},
   title = {A Thermoset/Thermoplastic Blend Based Thermally Mendable, Self-Healing Material},
   note = {Final Program and Abstract Book 2nd ICSHM - 28 June - 1 July 2009}
}


@UNPUBLISHED{Manuel2009,
   author = "M.V. Manuel and G.B. Olson",
   title = "Analysis of a Two-Part Self-Healing System with Encapsulated Hardening Agent",
   note = "Final Program and Abstract Book 2nd ICSHM - 28 June - 1 July 2009"
}

@Article{Matsushita2012,
author = {M. Matsushita-Tokugawa and Jiro Miura and Takahide Sakagami},
title = {{Detection of Dentinal Microcracks Using Infrared Thermography}},
journal = {Journal of Endodontics},
year = "2012",
url = "http://www.sciencedirect.com/science/article/pii/S0099239912006152"
}

@UNPUBLISHED{Mcllroy2009,
   author = "D. A. Mcllroy and B. J. Blaiszik and N. R. Sottos and S. R. White",
   title = "Analysis of a Two-Part Self-Healing System with Encapsulated Hardening Agent",
   note = "Final Program and Abstract Book 2nd ICSHM - 28 June - 1 July 2009"
}

@UNPUBLISHED{Murphy2009,
   author = "E. B. Murphy and M. L. Auad and F. Wudl",
   title = "Stimuli-Responsive Healable Materials: Diels-Alder Based Mending",
   note = "Final Program and Abstract Book 2nd ICSHM - 28 June - 1 July 2009"
}
@UNPUBLISHED{Nakao2009,
   author = "W. Nakao and S. Abe",
   title = "Self-Healing Rate Improvement by Shape Modification of Dispersed Silicon Carbide Particles",
   note = "Final Program and Abstract Book 2nd ICSHM - 28 June - 1 July 2009"
}

@ONLINE{NASAOD2012,
author = {NASA},
title = {{Orbital Debris}},
month = {March},
year = {2012},
howpublished = "http://www.nasa.gov/mission\_pages/station/news/ \allowbreak orbital\_debris.html",
note = "[Online; accessed 15-August-2012]"
}

@ONLINE{NASAHVIT2012,
author = {NASA},
title = {{Hypervelocity Impact Technology}},
month = {August},
year = {2012},
howpublished = "http://ares.jsc.nasa.gov/ares/hvit/\allowbreak index.cfml",
note = "[Online; accessed 16-August-2012]"
}

@UNPUBLISHED{Nishiwaki2009,
   author = {T. Nishiwaki and H. Mihasi and Y. Okuhara and H. Terashima},
   title = {Development of Self-Repairing Concrete System using Selective Heating Devices},
   note = {Final Program and Abstract Book 2nd ICSHM - 28 June - 1 July 2009}
}

@article{Pepper1982,
    author  = "D.M. Pepper",
    title   = "Nonlinear optical phase conjugation",
    year    = "1982",
    journal = "Optical Engineering",
    volume  = "21",
    pages   = "156--183"
}

@Inproceedings{Sarrazin2009,
    author = "J.C. Sarrazin and C.H. Jenkins and U.A. Korde and S.A. Rutherford",
    title = "Ultrasonic Self-Healing of Polymers",
    year = "2009",
    booktitle = "2nd Int. Conf. on Self-Healing Materials",
    note = "Chicago, IL; 28 June -- 1 July 2009"
}


@mastersthesis{Sarrazin2-2009,
    author = "J.C. Sarrazin",
    title = "Ultrasonic Repair of Polymers: Fundamentals and Modeling for Self-Healing",
    year = "2009",
    school = "Montana State University"
}

@UNPUBLISHED{Sheng2009,
   author = "X. Sheng and T. C. Mauldin and M. R. Kessler",
   title = "Design and Synthesis of Next-Generation Monomer Healing Agents",
   note = "Final Program and Abstract Book 2nd ICSHM - 28 June - 1 July 2009"
}

@article{Shimura2012,
    author  = "T. Shimura and Y. Watanabe and H. Ochi and H. C. Song",
    title   = "Long-range time reversal communication in deep water: Experimental results",
    year    = "2012",
    journal = "J. Acoustical Society of America",
    volume  = "132",
	number = "1",
	url = "http://asadl.org/jasa/resource/1/jasman/v132/i1/pEL49\_s1"
}

@UNPUBLISHED{Sloof2009,
   author = "W. G. Sloof",
   title = "Self-Healing Mechanism in Material for High Temperature Applications",
   note = "Final Program and Abstract Book 2nd ICSHM - 28 June - 1 July 2009"
}

@article{Smith2003,
    author  = "Kevin Smith and Antonio Abrantes and Andres Larraza",
    title   = "Examination of time-reversal acoustics in shallow water and
applications to noncoherent underwater communications",
    year    = "2003",
    journal = "J. Acoustical Society of America",
    volume  = "113",
	number = "6",
}

@UNPUBLISHED{Song2009,
   author = "G. M. Song and Y. T. Pei and W. G. Sloof and S. B. Li and S. van der Zwaag and J. Th. M. De Hosson",
   title = "Oxidation-Induced Crack Healing in ${Ti_{3}AlC_{2}}$ Ceramics",
   note = "Final Program and Abstract Book 2nd ICSHM - 28 June - 1 July 2009"
}

@article{Song2012,
    author  = "Aijun Song and Moshen Badiey",
    title   = "Time reversal acoustic communication for multiband transmission",
    year    = "2012",
    journal = "J. Acoustical Society of America",
    volume  = "132",
	number = "4",
	url = "http://asadl.org/jasa/resource/1/jasman/v131/i4/pEL283\_s1"
}

@Inproceedings{Sottos2009,
    author = "N.R. Sottos",
    title = "Recent Advances in Microcapsule and Microvascular Based Self-Healing Polymers",
    year = "2009",
    booktitle = "2nd Int. Conf. on Self-Healing Materials",
    note = "Chicago, IL; 28 June -- 1 July 2009"
}


@article{Sutin2004,
    author  = "Alexander M. Sutin and James A. TenCate and Paul A. Johnson",
    title   = "Single-channel time reversal in elastic solids",
    year    = "2004",
    journal = "J. Acoust. Soc. Am.",
    volume  = "116",
    number  = "5",
	month = "November",
    pages   = "2779--2784"
}

@UNPUBLISHED{Tang2009,
   author = "X. Tang and X. Liang and X. Fan and Q. Zhou",
   title = "Syntehsis of Ethyl Cellulose-Based Thermal- and Photo- Dual Responsive Copolymers via ATRP and Their Aggregates in Solution",
   note = "Final Program and Abstract Book 2nd ICSHM - 28 June - 1 July 2009"
}

@ONLINE{Ultrasound2006,
author = {obyn.net},
title = {{The History of Ultrasound: A collection of recollections, articles, interviews, and images}},
year = {2006},
howpublished = "www.obgyn.net",
note = "[Online; accessed 22-August-2012]"
}

@article{White2001,
    author  = {S.R. White and N.R. Sottos and P.H. Guebelle and J.S. Moore and M. R. Kessler and S.R. Sriram and E.N. Brown and S. Viswanathan},
    title   = {{Autonomic healing of polymer composites}},
    year    = {2001},
    journal = {Letters to Nature},
    volume  = {409},
    number  = {15},
	month = {February},
    pages   = {794--817}
}

@Article{Wool1981,
    author  = {R.P. Wool and K.M. O'Connor},
    title   = {{A Theory of Crack Healing in Polymers}},
    year    = {1981},
    journal = {J. Applied Physics},
    volume  = {52},
	number  = {10},
	month = {October},
    pages   = {5953--5963}
}

@Article{Wool1982,
    author  = {R.P. Wool and K.M. O'Connor},
    title   = {{Time dependence of crack healing}},
    year    = {1982},
    journal = {J. Polymer Science},
    volume  = {20},
	number  = {1},
	month = {January},
    pages   = {7--16}
}

@Article{Wu2012,
author = {Min Wu and Bjorn Johannesson and Mette Geiker},
title = {{A review: Self-healing in cemetitious materials and engineered cementitious composite as a self-healing material}},
journal = {Construction and Building Materials},
year = "2012",
volume = "28",
number = "1",
url = "http://www.sciencedirect.com/science/article/pii/S0950061811005198"
}

@article{Zhang2007,
    author  = "Chun-Sheng Zhang and Qing-Qing Ni",
    title   = "Bending behavior of shape memory polymer based laminates",
    year    = "2007",
    journal = "Science Direct - Composite Structures",
    volume  = "78",
    pages   = "153--161"
}

@Article{Zhao2012,
author = {Yang Zhao and Wei Zhang and Le-ping Liao and Si-jie Wang and Wu-jun Li},
title = {{Self-healing coatings containing microcapsule}},
journal = {Applied Surface Science},
year = "2012",
volume = "258",
number = "6",
url = "http://www.sciencedirect.com/science/article/pii/S0169433211010488"
}

@Article{Zinin2000,
author = {P. Zinin and M. H. Manghnani and Y. C. Wand and R. A. Livingston},
title = {{Detection of cracks in concrete composites using acoustic microscopy}},
journal = {NDT \& E International},
year = "2000",
volume = "33",
number = "5",
url = "http://www.sciencedirect.com/science/article/pii/S0963869599000511"
}


