@proceedings{Aldoma2011,
title = {CAD-model recognition and 6DOF pose estimation using 3D cues },
editor = {A. Aldoma and M. Vincze and N. Blodow and D. Gossow and S. Gedikli and R.B. Rusu and G. Bradski},
organization = {IEEE Computer Vision Workshop},
year = {2011}
}

@article{Aldoma2012,
author = {Aitor Aldoma and Federico Tombari and Radu Bogdan Rusu and Markus Vincze},
title = {OUR-CVFH - Orientied, Unique, Repeatable Clustered Viewpoint Feature Histogram for Object Recognition and 6DOF Pose Estimation},
journal = {Lecture Notes in Computer Science},
volume = {7476},
pages = {113-122},
year = {2012}
}


@misc{PCL2012,
author = {PCL},
title = {PCL Introduction},
note = {Online: Accessed 10-1-2012},
howpublished = {www.pointclouds.org}
}

@proceedings{Rusu2012,
title = {Point Cloud Library on CUDA},
editor = {Radu Rusu and Michaul Dixon},
organization = {GPU Technology Conference},
year = {2012}
}