
@misc{AIShackCannyEdge,
author = {AI Shack},
title = {The Canny Edge Detector},
howpublished = {http://www.aishack.in/2011/06/the-canny-edge-detector/\#more-1999},
note = {Online; accessed Sept-29-2012},
month = {Sept},
year = {2012},
}

@misc{AIShackSobelLaplacian,
author = {AI Shack: Utkarsh},
title = {The Canny Edge Detector},
howpublished = {http://www.aishack.in/2011/04/the-sobel-and-laplacian-edge-detectors/},
note = {Online; accessed Sept-29-2012},
month = {April},
year = {2011},
}

@article{Lindberg1998,
author = {Tony Lindeberg},
title = {Principles for Automatic Scale Selection},
journal = {Handbook on Computer Vision and Applications},
publisher = {Academic Press},
year = {1998}
}


