@UNPUBLISHED{AIAASelfHeal2010,
   author = "Brian C. Fehrman and Eric. A Petersen and Katherine A. Barnes and Umesh A. Korde",
   title = "Using Focused Acoustic Excitation to Accelerate Crack
Healing",
   note = "AIAA Structures, Structural Dynamics, and Materials Conference 2010"
}

@article{Anderson2008,
    author  = "Brian E. Anderson and Michele Griffa and Carène Larmat and Timothy J. Ulrich and Paul A. Johnson",
    title   = "Time Reversal",
    year    = "2008",
    journal = "Acoustics Today",
    volume  = "4",
    number  = "1",
	month = "January",
    pages   = "5--15"
}

@article{Borcea2003,
    author  = "Liliana Borcea and George Papanicolaou and Chrysoula Tsogka",
    title   = "Theory and applications of time reversal and interferometric imaging",
    year    = "2003",
    journal = "Inverse Problems",
    volume  = "19",
    pages   = "s139--s164"
}

@UNPUBLISHED{Bosman2009,
   author = "A. W. Bosman",
   title = "SupraMolecular Materials in Motion",
   note = "Final Program and Abstract Book 2nd ICSHM - 28 June - 1 July 2009"
}

@UNPUBLISHED{Burattini2009,
   author = "S. Burattini and B. W. Greenland and H. M. Colquhoun and W. Hayes",
   title = "A Rapidly Healable Supramolecular Polymeric Blend",
   note = "Final Program and Abstract Book 2nd ICSHM - 28 June - 1 July 2009"
}

@UNPUBLISHED{Djugum2009,
   author = "R. Djugum and R. N. Lumley",
   title = "Healing and Crack Closure in an {Al-Cu} Alloy by Remedial Heat Treatment",
   note = "Final Program and Abstract Book 2nd ICSHM - 28 June - 1 July 2009"
}

@article{Fink2009,
    author  = "M. Fink and D. Cassereau and A. Derode and C. Prada and O. Roux and M. Tanter and J.L. Thomas and F. Wu",
    title   = "Time reversed acoustics",
    year    = "2009",
    journal = "Rev. Prog. Phys",
    volume  = "63",
	month = "June"
}

@UNPUBLISHED{Garcia2009,
   author = "A. Garcia and E. Schlangen and M. van de Ven",
   title = "Closing Cracks on Conductive Asphalt Mortar by Induction Heating",
   note = "Final Program and Abstract Book 2nd ICSHM - 28 June - 1 July 2009"
}

@UNPUBLISHED{Fettig2009,
   author = "J. W. Fettig and J. B. Freund",
   title = "Multi-phase Simulation of Microvascular Self-Healing Materials",
   note = "Final Program and Abstract Book 2nd ICSHM - 28 June - 1 July 2009"
}

@UNPUBLISHED{Haase2009,
   author = "T. Haase and M. Wicklein and K. Thoma",
   title = "Self-Healing Ability of an Ionomer from Quasistatic Loading up to Hypervelocity Impact",
   note = "Final Program and Abstract Book 2nd ICSHM - 28 June - 1 July 2009"
}

@UNPUBLISHED{Harley2009,
   author = "Joel Harley and Nicholas O’Donoughue and Joe States and Yujie Ying and James Garrett and Yuanwei Jin and José M.F. Moura and Irving Oppenheim and Lucio Soibelman",
   title = "Focusing of Ultrasonic Waves in Cylindrical Shells using Time Reversal",
   note = "7th International Workshop on Structural Health Monitoring 2009"
}

@UNPUBLISHED{Imperiale2009,
   author = "V. A. Imperiale and I. P. Bond",
   title = "A Novel Self-Healing Agent able to Improve the Residual Strength of CFRP after Impact",
   note = "Final Program and Abstract Book 2nd ICSHM - 28 June - 1 July 2009"
}

@UNPUBLISHED{Klein2009,
   author = "D. J. Klein",
   title = "Development of Ballistic Testing of Self-Healing Polymers",
   note = "Final Program and Abstract Book 2nd ICSHM - 28 June - 1 July 2009"
}

@UNPUBLISHED{Kuksenok2009,
   author = "O. Kuksenok and V. V. Yashin and A. C. Balazs",
   title = "Global Signaling of Localized Impact in Three-Dimensional Chemo-Responsive Gels",
   note = "Final Program and Abstract Book 2nd ICSHM - 28 June - 1 July 2009"
}

@UNPUBLISHED{Lee2009,
   author = "B.L. Lee",
   title = "Multifunctional Design Perspective for Self-Healing and Autonomic Response",
   note = "Final Program and Abstract Book 2nd ICSHM - 28 June - 1 July 2009"
}

@UNPUBLISHED{Murphy2009,
   author = "E. B. Murphy and M. L. Auad and F. Wudl",
   title = "Stimuli-Responsive Healable Materials: Diels-Alder Based Mending",
   note = "Final Program and Abstract Book 2nd ICSHM - 28 June - 1 July 2009"
}
@UNPUBLISHED{Nakao2009,
   author = "W. Nakao and S. Abe",
   title = "Self-Healing Rate Improvement by Shape Modification of Dispersed Silicon Carbide Particles",
   note = "Final Program and Abstract Book 2nd ICSHM - 28 June - 1 July 2009"
}

@UNPUBLISHED{Sheng2009,
   author = "X. Sheng and T. C. Mauldin and M. R. Kessler",
   title = "Design and Synthesis of Next-Generation Monomer Healing Agents",
   note = "Final Program and Abstract Book 2nd ICSHM - 28 June - 1 July 2009"
}

@UNPUBLISHED{Sloof2009,
   author = "W. G. Sloof",
   title = "Self-Healing Mechanism in Material for High Temperature Applications",
   note = "Final Program and Abstract Book 2nd ICSHM - 28 June - 1 July 2009"
}

@UNPUBLISHED{Song2009,
   author = "G. M. Song and Y. T. Pei and W. G. Sloof and S. B. Li and S. van der Zwaag and J. Th. M. De Hosson",
   title = "Oxidation-Induced Crack Healing in ${Ti_{3}AlC_{2}}$ Ceramics",
   note = "Final Program and Abstract Book 2nd ICSHM - 28 June - 1 July 2009"
}

@article{Sutin2004,
    author  = "Alexander M. Sutin and James A. TenCate and Paul A. Johnson",
    title   = "Single-channel time reversal in elastic solids",
    year    = "2004",
    journal = "J. Acoust. Soc. Am.",
    volume  = "116",
    number  = "5",
	month = "November",
    pages   = "2779--2784"
}

@UNPUBLISHED{Tang2009,
   author = "X. Tang and X. Liang and X. Fan and Q. Zhou",
   title = "Syntehsis of Ethyl Cellulose-Based Thermal- and Photo- Dual Responsive Copolymers via ATRP and Their Aggregates in Solution",
   note = "Final Program and Abstract Book 2nd ICSHM - 28 June - 1 July 2009"
}

@article{White2001,
    author  = "S.R. White and N.R. Sottos and P.H. Guebelle and J.S. Moore and M. R. Kessler and S.R. Sriram and E.N. Brown and S. Viswanathan",
    title   = "Autonomic healing of polymer composites",
    year    = "2001",
    journal = "Letters to Nature",
    volume  = "409",
    number  = "15",
	month = "February",
    pages   = "794--817"
}

@article{Wool1981,
    author  = "R.P. Wool and K.M. O'Connor",
    title   = "A Theory of Crack Healing in Polymers",
    year    = "1981",
    journal = "J. Applied Physics",
    volume  = "52",
	number  = "10",
	month = "October",
    pages   = "5953--5963"
}
   
@article{Zhang2007,
    author  = "Chun-Sheng Zhang and Qing-Qing Ni",
    title   = "Bending behavior of shape memory polymer based laminates",
    year    = "2007",
    journal = "Science Direct - Composite Structures",
    volume  = "78",
    pages   = "153--161"
}